<?xml version="1.0" encoding="UTF-8"?><collection xmlns="http://www.loc.gov/MARC21/slim"><record><leader>00325nam--2200121-i-4500</leader><controlfield tag="001">000042341</controlfield><controlfield tag="002">20161230</controlfield><controlfield tag="005">20161230201043</controlfield><controlfield tag="008">060222s1000------------r-----000-0-eng-d</controlfield><datafield ind1=" " ind2=" " tag="100"><subfield code="a">Southwell,R.V</subfield></datafield><datafield ind1=" " ind2=" " tag="245"><subfield code="a">An intr.to the th.of elasticity for engineers and physicists</subfield></datafield><datafield ind1=" " ind2=" " tag="260"><subfield code="a">Oxford, Univ.Press, 1941. 509 P</subfield></datafield><datafield ind1=" " ind2=" " tag="852"><subfield code="a">1748</subfield></datafield></record></collection>